@book{sugiyono2015,
  author    = {Sugiyono},
  title     = {Metode Penelitian Pendidikan: Pendekatan Kuantitatif, Kualitatif, dan R\&D},
  year      = {2015},
  publisher = {Alfabeta},
  address   = {Bandung}
}

@article{cahyadi2019,
  author  = {Cahyadi, R. A. H.},
  title   = {Pengembangan Bahan Ajar Berbasis ADDIE Model},
  journal = {Halaqa: Islamic Educational Journal},
  year    = {2019},
  volume  = {3},
  number  = {1},
  pages   = {35--42}
}

@article{hilton1984,
  author  = {Hilton, Peter},
  title   = {Current Trends in Mathematics and Future Trends in Mathematics Education},
  journal = {For the Learning of Mathematics},
  year    = {1984},
  pages   = {2--8}
}

@article{yig2022,
  author  = {Yig, K. G.},
  title   = {Research Trends in Mathematics Education: A Quantitative Content Analysis of Major Journals 2017--2021},
  journal = {Journal of Pedagogical Research},
  year    = {2022},
  pages   = {137}
}

@article{schoenfeld2000,
  author  = {Schoenfeld, A.},
  title   = {Purposes and Methods of Research in Mathematics Education},
  journal = {Notices of the AMS},
  year    = {2000},
  pages   = {641--649}
}

@article{turkdogan2015,
  author    = {Turkdogan, A. and Guler, M. and Bulbul, B. O. and Danisman, S.},
  title     = {Studies about Misconceptions in Mathematics Education in Turkey: A Thematic Review},
  journal   = {Mersin University Journal of the Faculty of Education},
  year      = {2015},
  pages     = {215--236}
}

@article{ozdemir2018,
  author    = {Ozdemir, M. and Sahin, C. and Arxagok, S. and Demir, M. K.},
  title     = {The Effect of Augmented Reality Applications in The Learning Process: A Meta Analysis Study},
  journal   = {Eurasian Journal of Educational Research},
  year      = {2018},
  pages     = {165--186}
}

@article{azuma1997,
  author    = {Azuma, R. T.},
  title     = {A Survey of Augmented Reality},
  journal   = {Presence: Teleoperators and Virtual Environments},
  year      = {1997},
  pages     = {355--385}
}

@article{tekedere2016,
  author    = {Tekedere, H.},
  title     = {Examining The Effectiveness of Augmented Reality Applications in Education: A Meta-Analysis},
  journal   = {International Journal of Environmental and Science Education},
  year      = {2016},
  pages     = {9469--9481}
}

@article{cai2014,
  author    = {Cai, S. and Wang, X. and Chiang, F. K.},
  title     = {A Case Study of Augmented Reality Simulation System Application in a Chemistry Course},
  journal   = {Computers in Human Behavior},
  year      = {2014},
  pages     = {31--40}
}

@article{antonioli2014,
  author    = {Antonioli, M. and Blake, C. and Sparks, K.},
  title     = {Augmented Reality Applications in Education},
  journal   = {The Journal of Technology Studies},
  year      = {2014},
  pages     = {96--107}
}

@article{martin2010,
  author    = {Martín-Gutiérrez, J. and Luís Saorín, J. and Contero, M. and Alcañiz, M. and Pérez-López, D. C. and Ortega, M.},
  title     = {Design and Validation of an Augmented Book for Spatial Abilities Development in Engineering Students},
  journal   = {Computers \& Graphics},
  year      = {2010},
  pages     = {77--91}
}

@article{tomi2013,
  author    = {Tomi, A. B. and Rambli, D. R.},
  title     = {Augmented Reality Magical Playbook: Learning Number with The Thirsty Crow},
  journal   = {Procedia Computer Science},
  year      = {2013},
  pages     = {123--130}
}

@article{lin2013,
  author    = {Lin, T. J. and Duh, H. B. and Li, N. and Wang, H. Y. and Tsai, C. C.},
  title     = {Analysis of Learners' Collaborative Knowledge Construction Performances and Behavior Patterns in an Augmented Reality Simulation System},
  journal   = {Computers \& Education},
  year      = {2013},
  pages     = {314--321}
}

@article{bujak2013,
  author    = {Bujak, K. R. and Radu, I. and Catrambone, R. and MacIntyre, B. and Zheng, R. and Golubski, G.},
  title     = {A Psychological Perspective on Augmented Reality in The Mathematics Classroom},
  journal   = {Computers \& Education},
  year      = {2013},
  pages     = {536--544}
}

@article{ozcakir2021augmented,
  author    = {Ozcakir, B. and Cakiroglu, E.},
  title     = {An Augmented Reality Learning Toolkit for Fostering Spatial Ability in Mathematics Lesson: Design and Development},
  journal   = {European Journal of Science and Mathematics Education},
  year      = {2021},
  pages     = {145--167}
}

@incollection{yakimanskaya1991,
  author    = {Yakimanskaya, I. S.},
  title     = {The Development of Spatial Thinking in School Children},
  booktitle = {Soviet Studies in Mathematics Education},
  editor    = {Wilson, P. S. and Davis, E. J.},
  volume    = {5},
  year      = {1991},
  publisher = {National Council of Teachers of Mathematics}
}

@book{nctm1989,
  author    = {{National Council of Teachers of Mathematics}},
  title     = {Curriculum and Evaluation Standards for School Mathematics},
  year      = {1989},
  publisher = {National Council of Teachers of Mathematics}
}

@article{tartre1990,
  author  = {Tartre, Lori A.},
  title   = {Spatial Orientation Skill and Mathematical Problem Solving},
  journal = {Journal for Research in Mathematics Education},
  year    = {1990},
  pages   = {216--229}
}

@incollection{battista2007,
  author    = {Battista, Michael T.},
  title     = {The Development of Geometric and Spatial Thinking},
  booktitle = {Second Handbook of Research on Mathematics Teaching and Learning},
  editor    = {Lester, Frank K.},
  publisher = {Information Age Publishing},
  address   = {Charlotte, NC},
  year      = {2007}
}

@article{battista1994,
  author    = {Battista, Michael T.},
  title     = {On Greeno’s Environmental/Model View of Conceptual Domains: A Spatial/Geometric Perspective},
  journal   = {Journal for Research in Mathematics Education},
  year      = {1994},
  pages     = {86--99}
}

@incollection{pellegrino1982,
  author    = {Pellegrino, James W. and Kail, Robert},
  title     = {Process Analices of Spatial Aptitude},
  booktitle = {Advances in the Psychology of Human Intelligence},
  editor    = {Sternberg, Robert J.},
  volume    = {1},
  pages     = {311--365},
  year      = {1982},
  publisher = {Lawrence Erlbaum Associates}
}

@article{linn1985,
  author  = {Linn, Marcia C. and Petersen, Anne C.},
  title   = {Emergence and Characterisation of Gender Differences in Spatial Abilities: A Meta-Analysis},
  journal = {Child Development},
  year    = {1985},
  pages   = {1479--1498}
}
